0356F46026621             0010310110410110093037200000211470   39       
0356F46026621             002Agro-Citrica de Picassent C.V.             
0356F46026621             003Polig.Industrial Picassent C/6             
0356F46026621             00446220 Valencia                             
0656F46026621 52748510B   01000000001357230821323319531261011  67       
0656F46026621 52748510B   011       SALVADOR FCO. SILLA TRONCHONI       
0656F46026621 52748510B   012                       C/ NOU, 30-1ª       
0656F46026621 52748510B   013                                           
0656F46026621 52748510B   01446220                      PICASSENT       
0656F46026621 52748510B   016                             Nómina        
0656F46026621 73640256Y   01000000000798100930372100066795011  31       
0656F46026621 73640256Y   011                 NAVARRO DIAZ MIGUEL       
0656F46026621 73640256Y   012                PZA. MILAGROSA, 7-8ª       
0656F46026621 73640256Y   013                                           
0656F46026621 73640256Y   0146220  PICASSENT                            
0656F46026621 73640256Y   016                             Nómina        
0856F46026621                000000021553000000020000000017             
